@book{Harltey2003Multiple,
	title={Multiple view geometry in computer vision (2. ed.)},
	author={Harltey, Andrew and Zisserman, Andrew},
	publisher={Cambridge University Press},
	pages={1865 - 1872},
	year={2003},
}